@inproceedings{linares2014mining,
  title={Mining energy-greedy api usage patterns in android apps: an empirical study},
  author={Linares Vasquez, Mario and Bavota, Gabriele and Bernal Cardenas, Carlos and Oliveto, Rocco and Di Penta, Massimiliano and Poshyvanyk, Denys},
  booktitle={Proceedings of the 11th Working Conference on Mining Software Repositories},
  pages={2--11},
  year={2014},
  organization={ACM}
}

@inproceedings{yoon2012appscope,
  title={AppScope: Application Energy Metering Framework for Android Smartphone Using Kernel Activity Monitoring.},
  author={Yoon, Chanmin and Kim, Dongwon and Jung, Wonwoo and Kang, Chulkoo and Cha, Hojung},
  booktitle={USENIX Annual Technical Conference},
  volume={12},
  pages={1--14},
  year={2012}
}

@inproceedings{stevens2012investigating,
  title={Investigating user privacy in android ad libraries},
  author={Stevens, Ryan and Gibler, Clint and Crussell, Jon and Erickson, Jeremy and Chen, Hao},
  booktitle={Workshop on Mobile Security Technologies (MoST)},
  volume={10},
  year={2012}
}

@inproceedings{dong2014rethink,
  title={Rethink energy accounting with cooperative game theory},
  author={Dong, Mian and Lan, Tian and Zhong, Lin},
  booktitle={Proceedings of the 20th annual international conference on Mobile computing and networking},
  pages={531--542},
  year={2014},
  organization={ACM}
}

@inproceedings{thiagarajan2012killed,
  title={Who killed my battery?: analyzing mobile browser energy consumption},
  author={Thiagarajan, Narendran and Aggarwal, Gaurav and Nicoara, Angela and Boneh, Dan and Singh, Jatinder Pal},
  booktitle={Proceedings of the 21st international conference on World Wide Web},
  pages={41--50},
  year={2012},
  organization={ACM}
}
@inproceedings{hao2013estimating,
  title={Estimating mobile application energy consumption using program analysis},
  author={Hao, Shuai and Li, Ding and Halfond, William GJ and Govindan, Ramesh},
  booktitle={Proceedings of the 2013 International Conference on Software Engineering},
  pages={92--101},
  year={2013},
  organization={IEEE Press}
}

@inproceedings{li2013calculating,
  title={Calculating source line level energy information for android applications},
  author={Li, Ding and Hao, Shuai and Halfond, William GJ and Govindan, Ramesh},
  booktitle={Proceedings of the 2013 International Symposium on Software Testing and Analysis},
  pages={78--89},
  year={2013},
  organization={ACM}
}


@misc{techcrunch85,
  title = {{Techcrunch} consumers spend 85 of time on smartphones in apps but only 5 apps see heavy use},
  howpublished = {\url{https://techcrunch.com/2015/06/22/consumers-spend-85-of-time-on-smartphones-in-apps-but-only-5-apps-see-heavy-use/}},
  year= {2017},
  note = {Accessed: 2018-03-03}
}

@misc{techcrunch63,
  title = {{Techcrunch} time spent in apps up 63 percent over past two years but apps used monthly shows little change},
  howpublished = {\url{https://techcrunch.com/2015/06/11/time-spent-in-apps-up-63-percent-over-past-two-years-but-apps-used-monthly-shows-little-change/}},
  year= {2017},
  note = {Accessed: 2018-03-03}
}


@misc{thinkwithgoogle,
  title = {Average number apps installed in smartphones},
  howpublished = {\url{https://www.thinkwithgoogle.com/data-gallery/detail/average-number-apps-installed-smartphones/}},
  year= {2017},
  note = {Accessed: 2018-03-03}

}

